%YAML 1.1
%TAG !u! tag:unity3d.com,2011:
--- !u!1 &3826252785093971225
GameObject:
  m_ObjectHideFlags: 0
  m_CorrespondingSourceObject: {fileID: 0}
  m_PrefabInstance: {fileID: 0}
  m_PrefabAsset: {fileID: 0}
  serializedVersion: 6
  m_Component:
  - component: {fileID: 3826252785094463801}
  - component: {fileID: 3826252785093169433}
  - component: {fileID: 3826252785092039641}
  - component: {fileID: 1092369951178803893}
  - component: {fileID: 2817201283353855031}
  - component: {fileID: 5312603128464633353}
  m_Layer: 0
  m_Name: hive
  m_TagString: Untagged
  m_Icon: {fileID: 0}
  m_NavMeshLayer: 0
  m_StaticEditorFlags: 4294967294
  m_IsActive: 1
--- !u!4 &3826252785094463801
Transform:
  m_ObjectHideFlags: 0
  m_CorrespondingSourceObject: {fileID: 0}
  m_PrefabInstance: {fileID: 0}
  m_PrefabAsset: {fileID: 0}
  m_GameObject: {fileID: 3826252785093971225}
  m_LocalRotation: {x: 0.000000021855694, y: 0, z: -0, w: 1}
  m_LocalPosition: {x: -0, y: 0, z: 0}
  m_LocalScale: {x: 1, y: 1, z: 1}
  m_Children:
  - {fileID: 3478633174411825153}
  m_Father: {fileID: 0}
  m_RootOrder: 0
  m_LocalEulerAnglesHint: {x: 0, y: 0, z: 0}
--- !u!33 &3826252785093169433
MeshFilter:
  m_ObjectHideFlags: 0
  m_CorrespondingSourceObject: {fileID: 0}
  m_PrefabInstance: {fileID: 0}
  m_PrefabAsset: {fileID: 0}
  m_GameObject: {fileID: 3826252785093971225}
  m_Mesh: {fileID: 4300002, guid: 16dcfc544a604144e835b0bd20b2d39b, type: 3}
--- !u!23 &3826252785092039641
MeshRenderer:
  m_ObjectHideFlags: 0
  m_CorrespondingSourceObject: {fileID: 0}
  m_PrefabInstance: {fileID: 0}
  m_PrefabAsset: {fileID: 0}
  m_GameObject: {fileID: 3826252785093971225}
  m_Enabled: 1
  m_CastShadows: 1
  m_ReceiveShadows: 1
  m_DynamicOccludee: 1
  m_MotionVectors: 1
  m_LightProbeUsage: 1
  m_ReflectionProbeUsage: 1
  m_RenderingLayerMask: 1
  m_RendererPriority: 0
  m_Materials:
  - {fileID: 2100000, guid: fb3e4b474dae7984e8d4d44afba55300, type: 2}
  m_StaticBatchInfo:
    firstSubMesh: 0
    subMeshCount: 0
  m_StaticBatchRoot: {fileID: 0}
  m_ProbeAnchor: {fileID: 0}
  m_LightProbeVolumeOverride: {fileID: 0}
  m_ScaleInLightmap: 1
  m_PreserveUVs: 1
  m_IgnoreNormalsForChartDetection: 0
  m_ImportantGI: 0
  m_StitchLightmapSeams: 1
  m_SelectedEditorRenderState: 3
  m_MinimumChartSize: 4
  m_AutoUVMaxDistance: 0.5
  m_AutoUVMaxAngle: 89
  m_LightmapParameters: {fileID: 0}
  m_SortingLayerID: 0
  m_SortingLayer: 0
  m_SortingOrder: 0
--- !u!114 &1092369951178803893
MonoBehaviour:
  m_ObjectHideFlags: 0
  m_CorrespondingSourceObject: {fileID: 0}
  m_PrefabInstance: {fileID: 0}
  m_PrefabAsset: {fileID: 0}
  m_GameObject: {fileID: 3826252785093971225}
  m_Enabled: 1
  m_EditorHideFlags: 0
  m_Script: {fileID: 11500000, guid: 1bb378ed6199c7f4c9980b313206958c, type: 3}
  m_Name: 
  m_EditorClassIdentifier: 
  _spawnRate: 0
--- !u!114 &2817201283353855031
MonoBehaviour:
  m_ObjectHideFlags: 0
  m_CorrespondingSourceObject: {fileID: 0}
  m_PrefabInstance: {fileID: 0}
  m_PrefabAsset: {fileID: 0}
  m_GameObject: {fileID: 3826252785093971225}
  m_Enabled: 1
  m_EditorHideFlags: 0
  m_Script: {fileID: 11500000, guid: 75cb89b36ec92e6448498d4dbff9aa62, type: 3}
  m_Name: 
  m_EditorClassIdentifier: 
  hiveIsActive: 1
  startOver: 1
  spawnZonePosition: {x: 0, y: 0, z: 0}
  spawnZone: {fileID: 3478633174411825153}
  queenSO: {fileID: 11400000, guid: deee8c57ed440fd408ab3d68092ee93c, type: 2}
  _queenController: {fileID: 0}
  workerSO: {fileID: 11400000, guid: 4c5470c85a7954f419abfe6669d94558, type: 2}
  droneSO: {fileID: 11400000, guid: a0e96fef92cc57e4c88df30258723a2d, type: 2}
  hornetSO: {fileID: 11400000, guid: 6427a7b3999cd51448774884a56f7a3d, type: 2}
  _currentHoneyAmount: 0
  _efficiency: 1
  efficiencyDecreaseRate: 1
  efficiencyDecreaseAmount: 0.002
  maxBeeNum: 1000
  _currentBeeNum: 0
  _workerBeesOut: 0
  beeSpawnableDic:
    keys:
    - Name: Worker
      id: -1742816684
    - Name: Hornet
      id: -2060030524
    - Name: Drone
      id: 793394784
    values:
    - id: -1742816684
      currentNum: 0
      _poolIdPair:
        Name: Worker
        id: -1742816684
      _prefab: {fileID: 3000943230696072180, guid: a048fcdca6c5dcb428247ec720c9f5f3,
        type: 3}
      _spawnChance: 0.95
      _hiveController: {fileID: 2817201283353855031}
    - id: -2060030524
      currentNum: 0
      _poolIdPair:
        Name: Hornet
        id: -2060030524
      _prefab: {fileID: 1143632092115255525, guid: b9cdd3e2095d398499de77eeddd993b9,
        type: 3}
      _spawnChance: 0
      _hiveController: {fileID: 2817201283353855031}
    - id: 793394784
      currentNum: 0
      _poolIdPair:
        Name: Drone
        id: 793394784
      _prefab: {fileID: 3107641174456840138, guid: ef059ff84857bde4da2e5ab08a159b44,
        type: 3}
      _spawnChance: 0.05
      _hiveController: {fileID: 2817201283353855031}
  _honeyCapacity: 1000
--- !u!65 &5312603128464633353
BoxCollider:
  m_ObjectHideFlags: 0
  m_CorrespondingSourceObject: {fileID: 0}
  m_PrefabInstance: {fileID: 0}
  m_PrefabAsset: {fileID: 0}
  m_GameObject: {fileID: 3826252785093971225}
  m_Material: {fileID: 0}
  m_IsTrigger: 0
  m_Enabled: 1
  serializedVersion: 2
  m_Size: {x: 1.4359946, y: 1.4272563, z: 1.3556969}
  m_Center: {x: 0.15524486, y: 0.71362805, z: 0.0000002682209}
--- !u!1 &7043942694382031396
GameObject:
  m_ObjectHideFlags: 0
  m_CorrespondingSourceObject: {fileID: 0}
  m_PrefabInstance: {fileID: 0}
  m_PrefabAsset: {fileID: 0}
  serializedVersion: 6
  m_Component:
  - component: {fileID: 3478633174411825153}
  m_Layer: 0
  m_Name: BeeSpawnZone
  m_TagString: Untagged
  m_Icon: {fileID: 0}
  m_NavMeshLayer: 0
  m_StaticEditorFlags: 0
  m_IsActive: 1
--- !u!4 &3478633174411825153
Transform:
  m_ObjectHideFlags: 0
  m_CorrespondingSourceObject: {fileID: 0}
  m_PrefabInstance: {fileID: 0}
  m_PrefabAsset: {fileID: 0}
  m_GameObject: {fileID: 7043942694382031396}
  m_LocalRotation: {x: 0, y: 0, z: 0, w: 1}
  m_LocalPosition: {x: 0.345, y: 0.99, z: -0}
  m_LocalScale: {x: 1, y: 1, z: 1}
  m_Children: []
  m_Father: {fileID: 3826252785094463801}
  m_RootOrder: 0
  m_LocalEulerAnglesHint: {x: 0, y: 0, z: 0}
